@book{ozeki1998my,
 author = {Ozeki, Ruth},
 title = {My year of meats},
 publisher = {Viking},
 year = {1998},
 address = {New York},
 isbn = {9780670879045}
}
